@misc{MedF_w,
  author = {DARPA},
  title = {MediFor Project Description},
  howpublished = {\url{http://www.darpa.mil/program/media-forensics}}
}